@inproceedings{li2017linear,
  title={Linear time-varying model characterizes invasive EEG signals generated from complex epileptic networks},
  author={Li, Adam and Gunnarsdottir, Kristin M and Inati, Sara and Zaghloul, Kareem and Gale, John and Bulacio, Juan and Martinez-Gonzalez, Jorge and Sarma, Sridevi V},
  booktitle={2017 39th Annual International Conference of the IEEE Engineering in Medicine and Biology Society (EMBC)},
  pages={2802--2805},
  year={2017},
  organization={IEEE}
}

@inproceedings{gunnarsdottir2017estimating,
  title={Estimating unmeasured invasive EEG signals using a reduced-order observer},
  author={Gunnarsdottir, Kristin M and Li, Adam and Bulacio, Juan and Gonzalez-Martinez, Jorge and Sarma, Sridevi V},
  booktitle={2017 39th Annual International Conference of the IEEE Engineering in Medicine and Biology Society (EMBC)},
  pages={3216--3219},
  year={2017},
  organization={IEEE}
}

@inproceedings{li2017fragility,
  title={Fragility in epileptic networks: the epileptogenic zone},
  author={Li, Adam and Inati, Sara and Zaghloul, Kareem and Sarma, Sridevi},
  booktitle={2017 American Control Conference (ACC)},
  pages={2817--2822},
  year={2017},
  organization={IEEE}
}

@article{li2018using,
  title={Using network analysis to localize the epileptogenic zone from invasive EEG recordings in intractable focal epilepsy},
  author={Li, Adam and Chennuri, Bhaskar and Subramanian, Sandya and Yaffe, Robert and Gliske, Steve and Stacey, William and Norton, Robert and Jordan, Austin and Zaghloul, Kareem A and Inati, Sara K and others},
  journal={Network Neuroscience},
  volume={2},
  number={02},
  pages={218--240},
  year={2018},
  publisher={MIT Press One Rogers Street, Cambridge, MA 02142-1209, USA journals-info~â€¦}
}

@article{haagensen2018t101,
  title={T101. Use of a quantitative algorithm to help predict seizure lateralization in a patient with bitemporal epilepsy and responsive nerve stimulation},
  author={Haagensen, Jennifer J and Chen, Stephanie and Hopp, Jennifer L and Li, Adam and Sarma, Sridevi},
  journal={Clinical Neurophysiology},
  volume={129},
  pages={e41},
  year={2018},
  publisher={Elsevier}
}

@misc{sarma2022identifying,
  title={Identifying the epileptogenic zone from nonseizure recordings using network fragility theory},
  author={Sarma, Sridevi and Li, Adam and Gonzalez-Martinez, Jorge},
  year={2022},
  month=dec # "~13",
  note={US Patent 11,523,768}
}

@inproceedings{palepu2019evaluating,
  title={Evaluating Invasive EEG Implantations with Structural Imaging Data and Functional Scalp EEG Recordings from Epilepsy Patients},
  author={Palepu, Anil and Li, Adam and Fitzgerald, Zachary and Hu, Katherine and Costacurta, Julia and Bulacio, Juan and Martinez-Gonzalez, Jorge and Sarma, Sridevi V},
  booktitle={2019 41st Annual International Conference of the IEEE Engineering in Medicine and Biology Society (EMBC)},
  pages={3866--3869},
  year={2019},
  organization={IEEE}
}

@inproceedings{li2019virtual,
  title={Virtual cortical stimulation mapping of epilepsy networks to localize the epileptogenic zone},
  author={Li, Adam and Fitzgerald, Zachary and Hopp, Jennifer and Johnson, Emily and Crone, Nathan and Bulacio, Juan and Martinez-Gonzalez, Jorge and Inati, Sara and Zaghloul, Kareem and Sarma, Sridevi V},
  booktitle={2019 41st Annual International Conference of the IEEE Engineering in Medicine and Biology Society (EMBC)},
  pages={2328--2331},
  year={2019},
  organization={IEEE}
}

@misc{levay2020gear,
  title={Gear (game enhancing augmented reality): a lower limb alternative control interface for computers},
  author={Levay, Gyorgy and Li, Adam and Tran, Nhat Nate},
  year={2020},
  month=feb # "~6",
  note={US Patent App. 16/309,183}
}

@article{li2021neural,
  title={Neural Fragility of the Intracranial EEG Network Decreases after Surgical Resection of the Epileptogenic Zone},
  author={Li, Adam and Myers, Patrick and Warsi, Nebras and Gunnarsdottir, Kristin M and Kim, Sarah and Jirsa, Viktor and Ochi, Ayako and Otusbo, Hiroshi and Ibrahim, George M and Sarma, Sridevi V},
  journal={medRxiv},
  pages={2021--07},
  year={2021},
  publisher={Cold Spring Harbor Laboratory Press}
}

@article{greene2021classification,
  title={Classification of stereo-EEG contacts in white matter vs. gray matter using recorded activity},
  author={Greene, Patrick and Li, Adam and Gonz{\'a}lez-Mart{\'\i}nez, Jorge and Sarma, Sridevi V},
  journal={Frontiers in neurology},
  volume={11},
  pages={605696},
  year={2021},
  publisher={Frontiers Media SA}
}

@article{li2021neural,
  title={Neural Fragility as an EEG Marker of the Seizure Onset Zone},
  author={Li, Adam and Huynh, Chester and Fitzgerald, Zachary and Cajigas, Iahn and Brusko, Damian and Claudio, Angel and Jagid, Jonathan and Kanner, Andres and Hopp, Jennifer and Chen, Stephanie and others},
  journal={Nature Neuroscience},
  pages={1465--1474},
  year={2021},
  publisher={Springer}
}

@inproceedings{ehrens2020network,
  title={Network fragility for seizure genesis in an acute in vivo model of epilepsy},
  author={Ehrens, Daniel and Li, Adam and Aeed, Fadi and Schiller, Yitzhak and Sarma, Sridevi V},
  booktitle={2020 42nd annual international conference of the IEEE engineering in medicine \& biology society (EMBC)},
  pages={3695--3698},
  year={2020},
  organization={IEEE}
}

@article{li2022analysis,
  title={Analysis of Neural Fragility: Bounding the Norm of a Rank-One Perturbation Matrix},
  author={Li, Adam and Huynh, Chester},
  journal={arXiv preprint arXiv:2202.07026},
  year={2022}
}

@article{lineural,
  title={Neural Fragility of EEG May Help Localize the Seizure Onset Zone},
  author={Li, Adam and Huynh, Chester and Fitzgerald, Zachary and Cajigas, Iahn and Brusko, Damian and Jagid, Jonathan and Claudio, Angel and Kanner, Andres and Hopp, Jennifer and Chen, Stephanie and others}
}

@article{li2022mne,
  title={MNE-ICALabel: Automatically annotating ICA components with ICLabel in Python},
  author={Li, Adam and Feitelberg, Jacob and Saini, Anand Prakash and H{\"o}chenberger, Richard and Scheltienne, Mathieu},
  journal={Journal of Open Source Software},
  volume={7},
  number={76},
  pages={4484},
  year={2022}
}

@inproceedings{zhai2022temporal,
  title={Temporal and morphological characteristics of high-frequency oscillations in an acute in vivo model of epilepsy},
  author={Zhai, Sophia R and Ehrens, Daniel and Li, Adam and Assaf, Fadi and Schiller, Yitzhak and Sarma, Sridevi V and Smith, Rachel June},
  booktitle={2022 44th Annual International Conference of the IEEE Engineering in Medicine \& Biology Society (EMBC)},
  pages={4896--4899},
  year={2022},
  organization={IEEE}
}

@article{gunnarsdottir2022source,
  title={Source-sink connectivity: A novel interictal EEG marker for seizure localization},
  author={Gunnarsdottir, Kristin M and Li, Adam and Smith, Rachel J and Kang, Joon-Yi and Korzeniewska, Anna and Crone, Nathan E and Rouse, Adam G and Cheng, Jennifer J and Kinsman, Michael J and Landazuri, Patrick and others},
  journal={Brain},
  volume={145},
  number={11},
  pages={3901--3915},
  year={2022},
  publisher={Oxford University Press US}
}

@article{bernabei2023quantitative,
  title={Quantitative approaches to guide epilepsy surgery from intracranial EEG},
  author={Bernabei, John M and Li, Adam and Revell, Andrew Y and Smith, Rachel J and Gunnarsdottir, Kristin M and Ong, Ian Z and Davis, Kathryn A and Sinha, Nishant and Sarma, Sridevi and Litt, Brian},
  journal={Brain},
  volume={146},
  number={6},
  pages={2248--2258},
  year={2023},
  publisher={Oxford University Press US}
}

@phdthesis{li2021localizing,
  title={Localizing the Epileptogenic Zone A Dynamical Systems Perspective},
  author={Li, Adam and others},
  year={2021},
  school={Johns Hopkins University}
}

@article{li2023manifold,
  title={Manifold Oblique Random Forests: Towards Closing the Gap on Convolutional Deep Networks},
  author={Li, Adam and Perry, Ronan and Huynh, Chester and Tomita, Tyler M and Mehta, Ronak and Arroyo, Jesus and Patsolic, Jesse and Falk, Ben and Sarma, Sridevi and Vogelstein, Joshua},
  journal={SIAM Journal on Mathematics of Data Science},
  volume={5},
  number={1},
  pages={77--96},
  year={2023},
  publisher={SIAM}
}

@article{li2022neural,
  title={Neural fragility as an EEG marker of the seizure onset zone (Mar, 10.1038/s41593-021-00901-w, 2022)},
  author={Li, Adam and Huynh, Chester and Fitzgerald, Zachary and Cajigas, Iahn and Brusko, Damian and Jagid, Jonathan and Claudio, Angel O and Kanner, Andres M and Hopp, Jennifer and Chen, Stephanie and others},
  journal={NATURE NEUROSCIENCE},
  volume={25},
  number={4},
  pages={530--530},
  year={2022},
  publisher={NATURE PORTFOLIO HEIDELBERGER PLATZ 3, BERLIN, 14197, GERMANY}
}

@misc{li2022method,
  title={Method and device for localizing epileptogenic zones},
  author={Li, Adam and Sarma, Sridevi V},
  year={2022},
  month=aug # "~11",
  note={US Patent App. 17/597,211}
}

@article{li2022publisher,
  title={Publisher Correction: Neural fragility as an EEG marker of the seizure onset zone},
  author={Li, Adam and Huynh, Chester and Fitzgerald, Zachary and Cajigas, Iahn and Brusko, Damian and Jagid, Jonathan and Claudio, Angel O and Kanner, Andres M and Hopp, Jennifer and Chen, Stephanie and others},
  journal={Nature neuroscience},
  volume={25},
  number={4},
  pages={530},
  year={2022}
}

@article{li2023causal,
  title={Causal discovery from observational and interventional data across multiple environments},
  author={Li, Adam and Jaber, Amin and Bareinboim, Elias},
  year={2023},
  publisher={CausalAI Laboratory Technical Report}
}

@article{bridgeford2023learning,
  title={Learning sources of variability from high-dimensional observational studies},
  author={Bridgeford, Eric W and Chung, Jaewon and Gilbert, Brian and Panda, Sambit and Li, Adam and Shen, Cencheng and Badea, Alexandra and Caffo, Brian and Vogelstein, Joshua T},
  journal={arXiv preprint arXiv:2307.13868},
  year={2023}
}

@article{myers2023diagnosing,
  title={Diagnosing Epilepsy with Normal Interictal EEG Using Dynamic Network Models},
  author={Myers, Patrick and Gunnarsdottir, Kristin and Li, Adam and Razskazovskiy, Vlad and Wyeth, Dale and Wyeth, Edmund and Tillery, Alana and Zaghloul, Kareem and Inati, Sara and Hopp, Jennifer and others},
  journal={medRxiv},
  pages={2023--08},
  year={2023},
  publisher={Cold Spring Harbor Laboratory Press}
}

@misc{appelhoff2022pyprep,
  title={PyPREP: A Python implementation of the preprocessing pipeline (PREP) for EEG data},
  author={Appelhoff, S and Hurst, AJ and Lawrence, A and Li, Adam and Mantilla Ramos, YJ and Oâ€™Reilly, C and Xiang, L and Dancker, J},
  year={2022},
  publisher={Mar}
}

@article{gorgolewski2020bids,
  title={Bids-standard/bids-validator: 1. 4. 3 (1.4. 3)[Computer software]},
  author={Gorgolewski, C and Hardcastle, N and Hobson-Lowther, T and Nishikawa, D and Blair, R and Appelhoff, S and others},
  journal={Geneva: Zenodo},
  year={2020}
}

@article{appelhoff2020mne,
  title={MNE-BIDS: MNE-Python+ BIDS= easy dataset interaction},
  author={Appelhoff, S and Sanderson, M and Brooks, TL and van Vliet, M and Quentin, R and Holdgraf, C and Chaumon, M and Mikulan, E and Tavabi, K and H{\"o}chenberger, R and others},
  journal={Organization for Human Brain Mapping},
  year={2020}
}

@article{poldrack2023past,
  title={The Past, Present, and Future of the Brain Imaging Data Structure (BIDS)},
  author={Poldrack, Russell A and Markiewicz, Christopher J and Appelhoff, Stefan and Ashar, Yoni K and Auer, Tibor and Baillet, Sylvain and Bansal, Shashank and Beltrachini, Leandro and Benar, Christian G and Bertazzoli, Giacomo and others},
  journal={arXiv preprint arXiv:2309.05768},
  year={2023}
}
